% References for ICTC 2025 Paper: Parameter-Efficient Transfer Learning for Channel Estimation

% 3GPP Technical Report
@techreport{3gpp38901,
  title={{3GPP TR 38.901}: Study on channel model for frequencies from 0.5 to 100 GHz},
  author={{3GPP}},
  institution={3rd Generation Partnership Project (3GPP)},
  type={Technical Report},
  number={38.901},
  version={17.0.0},
  year={2022},
  month={March}
}

% Foundational papers on deep learning for channel estimation
@article{ye2018power,
  title={Power of deep learning for channel estimation and signal detection in OFDM systems},
  author={Ye, Hao and Li, Geoffrey Ye and Juang, Biing},
  journal={IEEE Wireless Communications Letters},
  volume={7},
  number={1},
  pages={114--117},
  year={2018},
  publisher={IEEE}
}


% Parameter-efficient fine-tuning methods
@inproceedings{houlsby2019parameter,
  title={Parameter-efficient transfer learning for {NLP}},
  author={Houlsby, Neil and Giurgiu, Andrei and Jastrzebski, Stanislaw and Morrone, Bruna and De Laroussilhe, Quentin and Gesmundo, Andrea and Attariyan, Mona and Gelly, Sylvain},
  booktitle={International Conference on Machine Learning},
  pages={2790--2799},
  year={2019},
  organization={PMLR}
}

@article{hu2021lora,
  title={{LoRA}: Low-rank adaptation of large language models},
  author={Hu, Edward J and Shen, Yelong and Wallis, Phillip and Allen-Zhu, Zeyuan and Li, Yuanzhi and Wang, Shean and Wang, Lu and Chen, Weizhu},
  journal={arXiv preprint arXiv:2106.09685},
  year={2021}
}

@article{pfeiffer2020adapterhub,
  title={{AdapterHub}: A framework for adapting transformers},
  author={Pfeiffer, Jonas and R{\"u}ckl{\'e}, Andreas and Poth, Clifton and Kamath, Aishwarya and Vuli{\'c}, Ivan and Ruder, Sebastian and Cho, Kyunghyun and Gurevych, Iryna},
  journal={arXiv preprint arXiv:2007.07779},
  year={2020}
}


% 5G and wireless communication standards
@article{dahlman2018,
  title={5G wireless access: requirements and realization},
  author={Dahlman, Erik and Parkvall, Stefan and Skold, Johan},
  journal={IEEE Communications Magazine},
  volume={52},
  number={12},
  pages={42--47},
  year={2014},
  publisher={IEEE}
}


% Transfer learning in wireless communications
@article{zhang2020transfer,
  title={Transfer learning for wireless communications: Motivation, opportunities, and challenges},
  author={Zhang, Chaoyun and Ueng, Yeong-Luh and Stuber, Gordon L and Li, Yonghui},
  journal={IEEE Communications Magazine},
  volume={58},
  number={11},
  pages={92--99},
  year={2020},
  publisher={IEEE}
}

@article{li2021transfer,
  title={Transfer learning aided deep neural network for {OFDM} channel estimation},
  author={Li, Yongxu and O'Farrell, Timothy and Dawy, Zaher},
  journal={IEEE Transactions on Vehicular Technology},
  volume={70},
  number={12},
  pages={12816--12828},
  year={2021},
  publisher={IEEE}
}

% Channel modeling and estimation
@article{tse2005fundamentals,
  title={Fundamentals of wireless communication},
  author={Tse, David and Viswanath, Pramod},
  journal={Cambridge university press},
  year={2005}
}

@article{goldsmith2005wireless,
  title={Wireless communications},
  author={Goldsmith, Andrea},
  journal={Cambridge university press},
  year={2005}
}

% Deep learning and neural networks
@book{goodfellow2016deep,
  title={Deep learning},
  author={Goodfellow, Ian and Bengio, Yoshua and Courville, Aaron},
  year={2016},
  publisher={MIT press}
}

% OFDM and 5G NR
@article{andrews2014will,
  title={What will 5G be?},
  author={Andrews, Jeffrey G and Buzzi, Stefano and Choi, Wan and Hanly, Stephen V and Lozano, Angel and Soong, Anthony CK and Zhang, Jianzhong Charlie},
  journal={IEEE Journal on selected areas in communications},
  volume={32},
  number={6},
  pages={1065--1082},
  year={2014},
  publisher={IEEE}
}

% Recent advances in parameter-efficient methods
@article{ding2023parameter,
  title={Parameter-efficient fine-tuning of large-scale pre-trained language models},
  author={Ding, Ning and Qin, Yujia and Yang, Guang and Wei, Fuchao and Yang, Zonghan and Su, Yusheng and Hu, Shengding and Chen, Yulin and Chan, Chi-Min and Chen, Weize and others},
  journal={Nature Machine Intelligence},
  volume={5},
  number={3},
  pages={220--235},
  year={2023},
  publisher={Nature Publishing Group}
}

% Edge computing and mobile networks
@article{mao2017survey,
  title={A survey on mobile edge computing: The communication perspective},
  author={Mao, Yuyi and You, Changsheng and Zhang, Jun and Huang, Kaibin and Letaief, Khaled B},
  journal={IEEE Communications Surveys \& Tutorials},
  volume={19},
  number={4},
  pages={2322--2358},
  year={2017},
  publisher={IEEE}
}

% Low-rank matrix methods
@article{candes2011robust,
  title={Robust principal component analysis?},
  author={Cand{\`e}s, Emmanuel J and Li, Xiaodong and Ma, Yi and Wright, John},
  journal={Journal of the ACM (JACM)},
  volume={58},
  number={3},
  pages={1--37},
  year={2011},
  publisher={ACM}
}

% Channel estimation evaluation metrics
@article{coleri2002channel,
  title={Channel estimation techniques based on pilot arrangement in OFDM systems},
  author={Coleri, Sinem and Ergen, Mustafa and Puri, Anuj and Bahai, Ahmad},
  journal={IEEE Transactions on broadcasting},
  volume={48},
  number={3},
  pages={223--229},
  year={2002},
  publisher={IEEE}
}

% Our previous work on adapter-based transfer learning
@inproceedings{lee2024nyusim,
  title={Implementation of Adapter-Based Transfer Learning for Channel Estimation Using a Pretrained Transformer in Multi-Channel Environments},
  author={Lee, Joo Won and Choi, Kae Won},
  booktitle={2025 Korea Institute of Communication and Information Sciences (KICS) Summer Conference},
  volume={87},
  issn={2383-8302 (Online)},
  year={2025},
  organization={KICS}
}